# En este archivo se coloca la bibliografía en formato BibTeX, se recomienda buscar el documento en scholar.google.com y luego hacer click en "citar" y seleccionar el formato "BibTeX" para obtener el snippet que debe ir aquí.

% Recuerde que hay que citar estas entradas en el documento para que aparezcan en la bibliografía. e.g. \cite{schwab2002cure}

% Recuerde NO reemplazar los "and" por "y" en los campos de author, ¡Puesto que "and" es una palabra clave para separarlos!

% En este archivo se coloca la bibliografía en formato BibTeX, se recomienda buscar el documento en scholar.google.com y luego hacer click en "citar" y seleccionar el formato "BibTeX" para obtener el snippet que debe ir aquí.

% Recuerde que hay que citar estas entradas en el documento para que aparezcan en la bibliografía. e.g. \cite{schwab2002cure}

% Recuerde reemplazar los "and" por "y" en los campos de author.

% NOTE: AVAILABLE

@article{rousseeuw1987silhouettes,
  title={Silhouettes: a graphical aid to the interpretation and validation of cluster analysis},
  author={Rousseeuw, Peter J},
  journal={Journal of computational and applied mathematics},
  volume={20},
  pages={53--65},
  year={1987},
  publisher={Elsevier}
}

@inproceedings{roder2015exploring,
  title={Exploring the space of topic coherence measures},
  author={R{\"o}der, Michael and Both, Andreas and Hinneburg, Alexander},
  booktitle={Proceedings of the eighth ACM international conference on Web search and data mining},
  pages={399--408},
  year={2015},
  organization={ACM}
}

@inproceedings{mimno2011optimizing,
  title={Optimizing semantic coherence in topic models},
  author={Mimno, David and Wallach, Hanna M and Talley, Edmund and Leenders, Miriam and McCallum, Andrew},
  booktitle={Proceedings of the conference on empirical methods in natural language processing},
  pages={262--272},
  year={2011},
  organization={Association for Computational Linguistics}
}

@article{endres2003new,
  title={A new metric for probability distributions},
  author={Endres, Dominik Maria and Schindelin, Johannes E},
  journal={IEEE Transactions on Information theory},
  year={2003}
}

@article{lee1999learning,
  title={Learning the parts of objects by non-negative matrix factorization},
  author={Lee, Daniel D and Seung, H Sebastian},
  journal={Nature},
  volume={401},
  number={6755},
  pages={788},
  year={1999},
  publisher={Nature Publishing Group}
}

@article{blei2003latent,
  title={Latent dirichlet allocation},
  author={Blei, David M and Ng, Andrew Y and Jordan, Michael I},
  journal={Journal of machine Learning research},
  volume={3},
  number={Jan},
  pages={993--1022},
  year={2003}
}

@article{kumar2014survey,
  title={A survey on text mining process and techniques},
  author={Kumar, Sathees and Karthika, R},
  journal={International Journal of Advanced Research in Computer Engineering \& Technology (IJARCET)},
  volume={3},
  number={7},
  pages={2279--2284},
  year={2014}
}

@article{dasritext,
  title={Text Mining Framework, Methods and Techniques},
  author={Dasri, Yugandhara Bapurao and Barde, Bhagyashree Vyankatrao and Shivajirao, Nalwade Prakash and Bainwad, Anant Madhavrao},
  year={2017}
}

@article{NLP-DL,
  title={Lecture Notes, CS 224D: Deep Learning for NLP},
  author={Francois Chaubard, Rohit
Mundra, Richard Socher},
  year={2015},
}

@book{lane2019natural,
  title={Natural Language Processing in Action},
  author={Lane, H. and Hapke, H. and Howard, C.},
  isbn={9781617294631},
  url={https://books.google.cl/books?id=UyHgswEACAAJ},
  year={2019},
  publisher={Manning Publications Company}
}


@inproceedings{kucher2018analysis,
  title={Analysis of VINCI 2009-2017 Proceedings},
  author={Kucher, Kostiantyn and Martins, Rafael M and Kerren, Andreas},
  booktitle={Proceedings of the 11th International Symposium on Visual Information Communication and Interaction},
  pages={97--101},
  year={2018},
  organization={ACM}
}

@inproceedings{sievert2014ldavis,
  title={LDAvis: A method for visualizing and interpreting topics},
  author={Sievert, Carson and Shirley, Kenneth},
  booktitle={Proceedings of the workshop on interactive language learning, visualization, and interfaces},
  pages={63--70},
  year={2014}
}

@article{yehia2016text,
  title={Text mining and knowledge discovery from big data: challenges and promise},
  author={Yehia, Amal Mahmoud and Ibrahim, Lamiaa Fattouh and Abulkhair, Maysoon Fouad},
  journal={International Journal of Computer Science Issues (IJCSI)},
  volume={13},
  number={3},
  pages={54},
  year={2016},
  publisher={International Journal of Computer Science Issues (IJCSI)}
}

@book{bengfort2018applied,
  title={Applied Text Analysis with Python: Enabling Language-aware Data Products with Machine Learning},
  author={Bengfort, Benjamin and Bilbro, Rebecca and Ojeda, Tony},
  year={2018},
  publisher={" O'Reilly Media, Inc."}
}

@book{sarkar2016text,
  title={Text analytics with Python: A practical real-world approach to gaining actionable insights from your data},
  author={Sarkar, Dipanjan},
  year={2016},
  publisher={Apress}
}

@inproceedings{comparacion,
  title={An{\'a}lisis comparativo de metodolog{\'\i}as para la gesti{\'o}n de proyectos de Miner{\'\i}a de Datos},
  author={Moine, Juan Miguel and Gordillo, Silvia Ethel and Haedo, Ana Silvia},
  booktitle={Congreso Argentino de Ciencias de la Computaci{\'o}n},
  volume={17},
  year={2011}
}

@misc{Google,
  author = {{Google Developers }},
  title = {{Text Classification Workflow}},
  howpublished = "\url{https://developers.google.com/machine-learning/guides/text-classification/#text_classification_workflow/}",
  year = {2018}, 
  note = "[Online; Último acceso 28/04/2019]"
}

@misc{Lexical_Dispersion,
  author = {{Bryce Peake }},
  title = {{Tutorial: Plotting Lexical Dispersion (Conspiracy Lies from the Left-of-Center)}},
  howpublished = "\url{https://medium.com/the-political-ear/tutorial-plotting-lexical-dispersion-conspiracy-lies-from-the-left-of-center-c0b39de442d5}",
  year = {2018}, 
  note = "[Online; Último acceso 27/06/2019]"
}

@misc{POS_Tag,
  author = {{Mark Liberman }},
  title = {{Alphabetical list of part-of-speech tags used in the Penn Treebank Project:)}},
  howpublished = "\url{https://www.ling.upenn.edu/courses/Fall_2003/ling001/penn_treebank_pos.html}",
  year = {2003}, 
  note = "[Online; Último acceso 06/07/2019]"
}

@misc{Word_Clouds,
  author = {{Duong Vu}},
  title = {{Generating WordClouds in Python
}},
  howpublished = "\url{https://www.datacamp.com/community/tutorials/wordcloud-python}",
  year = {2018}, 
  note = "[Online; Último acceso 27/06/2019]"
}

@article{fayyad1996kdd,
  title={The KDD process for extracting useful knowledge from volumes of data},
  author={Fayyad, Usama and Piatetsky-Shapiro, Gregory and Smyth, Padhraic},
  journal={Communications of the ACM},
  volume={39},
  number={11},
  pages={27--34},
  year={1996},
  publisher={ACM}
}

@inproceedings{wirth2000crisp,
  title={CRISP-DM: Towards a standard process model for data mining},
  author={Wirth, R{\"u}diger and Hipp, Jochen},
  booktitle={Proceedings of the 4th international conference on the practical applications of knowledge discovery and data mining},
  pages={29--39},
  year={2000},
  organization={Citeseer}
}

@article{lda,
  title={Latent dirichlet allocation},
  author={Blei, David M and Ng, Andrew Y and Jordan, Michael I},
  journal={Journal of machine Learning research},
  volume={3},
  number={Jan},
  pages={993--1022},
  year={2003}
}

@inproceedings{xu2003document,
  title={Document clustering based on non-negative matrix factorization},
  author={Xu, Wei and Liu, Xin and Gong, Yihong},
  booktitle={Proceedings of the 26th annual international ACM SIGIR conference on Research and development in informaion retrieval},
  pages={267--273},
  year={2003},
  organization={ACM}
}

@article{church1990word,
  title={Word association norms, mutual information, and lexicography},
  author={Church, Kenneth Ward and Hanks, Patrick},
  journal={Computational linguistics},
  volume={16},
  number={1},
  pages={22--29},
  year={1990},
  publisher={MIT Press}
}

@article{everitt1998cambridge,
  title={The cambridge dictionary of statistics cambridge university press},
  author={Everitt, B},
  journal={Cambridge, UK},
  year={1998}
}

@misc{LDA_Model,
  author = {{Christine Doig}},
  title = {{Introduction to Topic Modeling in Python}},
  howpublished = "\url{http://chdoig.github.io/pygotham-topic-modeling/#/}",
  year = {2015}, 
  note = "[Online; Último acceso 25/09/2019]"
}

